@book{probabilityfoundations,
  author = {Krishna Jagannath},
  editor = {},
  publisher = {IIT Madras},
  title = {Probability Foundations for Electrical Engineers},
  year = {2015}
}